@misc{ baldwin:2011,
       author = "Bo Han and Timothy Baldwin",
       title = "Lexical Normalisation of Short Text Messages: Makn Sens a twitter",
       year = "2011",
       journal = "Proceedings of the 49th Annual Meeting of the Association for Computational Linguistics: Human Language Technologies, volume 1",
       pages = "368-378"
}

@misc{ eisenstein:2013,
       author = "Jacob Eisenstein",
       title = "What to do about bad language on the internet",
       year = "2013",
       journal = "Proceedings of NAACL-HLT",
       pages = "359-378"
}

@misc{ alegria:2013,
       author = "Iñaki Alegria and Nora Aranberri and Víctor Fresno and Pablo Gamallo and Lluis Padró and Iñaki San Vicente and Jordi Turmo and Arkaitz Zubiaga",
       title = "Introducción a la tarea compartida Tweet-Norm 2013: Normalización léxica de tuits en español",
       year = "2013",
       journal = "Tweet Normalization Workshop at SEPLN 2013: An overview"
}

@misc{ ruizcuadros:2013,
       author = "Pablo Ruiz and Montse Cuadros and Thierry Etchegoyhen",
       title = "Lexical Normalization of Spanish Tweets with Preprocessing Rules, Domain-Specific Edit Distances, and Language Models",
       year = "2013",
       journal = "Proceedings of the Tweet Normalization Workshop at SEPLN 2013. IV Congreso Español de Informática"
}

@misc{ ruizcuadros:2014,
       author = "Pablo Ruiz and Montse Cuadros and Thierry Etchegoyhen",
       title = "Lexical normalization of Spanish tweets with rule-based components and language models",
       year = "2014",
       journal = "Procesamiento del Lenguaje Natural, 52",
       pages = "45-52"
}

@misc{ cotelocruz:2015,
       author = "J.M. Cotelo and F.L. Cruz and J.A. Troyano and F.J. Ortega",
       title = "A modular approach for lexical normalization applied to Spanish tweets",
       year = "2015",
       journal = "Expert Systems with Applications, Volume 42, Issue 10",
       pages = "4743-4754"
}

@misc{ alegria:2015,
       author = "Iñaki Alegria and Nora Aranberri and Pere R. Comas and Víctor Fresno and Pablo Gamallo and Lluis Padró and Iñaki San Vicente and Jordi Turmo and Arkaitz Zubiaga",
       title = "TweetNorm: a benchmark for lexical normalization of Spanish tweets",
       year = "2015",
       journal = "Language Resources and Evaluation, volume 49, Issue 4",
       pages = "883-905"
}

@misc{ liu:2011,
       author = "Xiaohua Liu and Shaodian Zhang and Furu Wei and Ming Zhou",
       title = "Recognizing named entities in tweets",
       year = "2011",
       journal = "Proceedings of the 49th Annual Meeting of the Association for Computational Linguistics: Human Language Technologies, volume 1",
       pages = "359-367"
}

@misc{ freeling,
       howpublished = "\url{http://nlp.lsi.upc.edu/freeling/}",
       title = "Freeling",
       author = "Freeling"
}

@misc{ tweetnorm,
       howpublished = "\url{http://komunitatea.elhuyar.eus/tweet-norm/}",
       title = "Tweet-Norm",
       author = "Tweet-Norm"
}

@misc{ fernandezanta:2013,
       author = "Antonio Fernández Anta and Luis Núñez Chiroque and Philippe Morere and Agustín Santos",
       title = "Sentiment Analysis and Topic Detection of Spanish Tweets: A Comparative Study of NLP Techniques",
       year = "2013",
       journal = "Procesamiento del Lenguaje Natural, 50",
       pages = "45-52"
}

@misc{ gamallogarcia:2013,
       author = "Pablo Gamallo and Marcos García and Santiago Fernández-Lanza",
       title = "TASS: A Naive-Bayes strategy for sentiment analysis on Spanish tweets",
       year = "2013",
       journal = "Workshop on Sentiment Analysis at SEPLN (TASS2013)",
       pages = "126-132"
}

@misc{ vicomtech,
       howpublished = "\url{https://github.com/pruizf/tweet-norm-es}",
       title = "Sistema Vicomtech",
       author = "Sistema Vicomtech"
}

@misc{ porta:2013,
       author = "Pablo Gamallo and Marcos García and Santiago Fernández-Lanza",
       title = "Word Normalization in Twitter Using Finite-state Transducers",
       year = "2013",
       journal = "Tweet-Norm@ SEPLN 1086",
       pages = "49-53"
}

@misc{ forsyth:2007,
       author = "Forsyth Eric N. and Craig H. Martell",
       title = "Lexical and Discourse Analysis of Online Chat Dialog",
       year = "2007",
       journal = "Proceedings of the First IEEE International Conference on Semantic Computing (ICSC 2007)",
       pages = "19-26"
}

@misc{ peterson:1980,
       author = "James L. Peterson",
       title = "Computer programs for detecting and correcting spelling errors.",
       year = "1980",
       journal = "Commun. ACM, 23",
       pages = "676-687"
}

@misc{ shannon:1948,
       author = "Claude Elwood Shannon",
       title = "A mathematical theory of communication",
       year = "1948",
       journal = "Bell System Technical Journal, 27",
       pages = "379-423, 623-656"
}

@misc{ brillmoore:2000,
       author = "Eric Brill and Robert C. Moore",
       title = "An improved error model for noisy channel spelling correction",
       year = "2000",
       journal = "ACL ’00: Proceedings of the 38th Annual Meeting on Association for Computational Linguistics",
       pages = "286-293"
}

@misc{ toutanovamoore:2002,
       author = "Kristina Toutanova and Robert C. Moore",
       title = "Pronunciation modeling for improved spelling correction",
       year = "2002",
       journal = "Proceedings of the 40th Annual Meeting on Association for Computational Linguistics, ACL ’02",
       pages = "144-151"
}

@misc{ choudhury:2007,
       author = "Monojit Choudhury and Rahul Saraf and Vijit Jain and Animesh Mukherjee and Sudeshna Sarkar and Anupam Basu",
       title = "Investigation and modeling of the structure of texting language",
       year = "2007",
       journal = "Investigation and modeling of the structure of texting language. International Journal on Document Analysis and Recognition, 10",
       pages = "157-174"
}

@misc{ cookstevenson:2009,
       author = "Paul Cook and Suzanne Stevenson",
       title = "An unsupervised model for text message normalization",
       year = "2009",
       journal = "CALC ’09: Proceedings of the Workshop on Computational Approaches to Linguistic Creativity",
       pages = "71-78"
}

@misc{ aw:2006,
       author = "AiTi Aw and Min Zhang and Juan Xiao and Jian Su",
       title = "A phrase-based statistical model for SMS text normalization",
       year = "2009",
       journal = "Proceedings of the 21st International Conference on Computational Linguistics and 44th Annual Meeting of the Association for Computational Linguistics",
       pages = "33-40"
}

@misc{ kobus:2008,
       author = "Catherine Kobus and Franois Yvon and Graldine Damnati",
       title = "Transcrire les SMS comme on reconnat la parole",
       year = "2008",
       journal = "Actes de la Confrence sur le Traitement Automatique des Langues (TALN’08)",
       pages = "128-138"
}

@misc{ beaufort:2002,
       author = "Richard Beaufort and Sophie Roekhaut and Louise-Amelie Cougnon and Cedrick Fairon",
       title = "A hybrid rule/model-based finite-state framework for normalizing SMS messages",
       year = "2002",
       journal = "Proceedings of the 48th Annual Meeting of the Association for Computational Linguistics",
       pages = "770-779"
}

@misc{ kaufmannkalita:2010,
       author = "Joseph Kaufmann and Jugal Kalita",
       title = "Syntactic normalization of Twitter messages",
       year = "2010",
       journal = "International Conference on Natural Language Processing"
}

@misc{ gimpel:2011,
       author = "Kevin Gimpel and Nathan Schneider and Brendan O’Connor and Dipanjan Das and Daniel Mills and Jacob Eisenstein and Michael and Heilman and Dani Yogatama and Jeffrey Flanigan and Noah A. Smith",
       title = "Part-of-speech tagging for twitter: annotation, features, and experiments",
       year = "2011",
       journal = "Proceedings of ACL",
}

@misc{ owoputi:2013,
       author = "Olutobi Owoputi and Brendan O’Connor and Chris Dyer and Kevin Gimpel and Nathan Schneider and Noah A. Smith",
       title = "Improved part-of-speech tagging for online conversational text with word clusters",
       year = "2013",
       journal = "Proceedings of CL",
}

@misc{ finin:2010,
       author = "Tim Finin and Will Murnane and Anand Karandikar and Nicholas Keller and Justin Martineau and Mark Dredze",
       title = "Annotating named entities in twitter data with crowd-sourcing",
       year = "2010",
       journal = "Proceedings of the NAACL HLT Workshop on Creating Speech and Language Data with Amazon’s Mechanical Turk",
}

@misc{ ritter:2010,
       author = "Alan Ritter and Colin Cherry and Bill Dolan",
       title = "Unsupervised modeling of twitter conversations",
       year = "2010",
       journal = "Proceedings of the NAACL",
}

@misc{ ritter:2011,
       author = "Alan Ritter and Sam Clark and Mausam and Oren Etzioni",
       title = "Named entity recognition in tweets: an experimental study",
       year = "2011",
       journal = "Proceedings of EMNLP",
}

@misc{ foster:2011,
       author = "Jennifer Foster and Ozlem Cetinoglu and Joachim Wagner and Joseph Le Roux and Joakim Nivre and Deirdre Hogan and Josef van Genabith",
       title = "From news to comment: Resources and benchmarks for parsing the language of web 2.0",
       year = "2011",
       journal = "Proceedings of IJCNLP",
}

@misc{ sharifi:2010,
       author = "Beaux Sharifi and Mark-Anthony Hutton and Jugal Kalita",
       title = "Summarizing microblogs automatically",
       year = "2010",
       journal = "Proceedings of NAACL",
}

@misc{ gomezhidalgo:2013,
       author = "Gomez-Hidalgo, Jose M. and Andrés A. Caurcel-Díaz and Yovan Iñiguez del Rio",
       title = "Un método de análisis de lenguaje tipo sms para el castellano",
       year = "2013",
       journal = "Linguamática, 5(1)",
       pages = "31-39"
}

@misc{ mosquera:2012,
       author = "Mosquera and Alejandro and Elena Lloret and Paloma Moreda",
       title = "Towards facilitating the accessibility of web 2.0 texts through text normalisation",
       year = "2012",
       journal = "Proceedings of the LREC Workshop: Natural Language Processing for Improving Textual Accessibility (NLP4ITA)",
       pages = "9-14"
}

@misc{ oliva:2011,
       author = "Oliva, Jesús and José I. Serrano and María D. Del Castillo and Angel Iglesias",
       title = "Sms normalization: combining phonetics, morphology and semantics",
       year = "2011",
       journal = "Advances in Artificial Intelligence. Springer",
       pages = "273-282"
}

@misc{ tweetscweb,
       howpublished = "\url{https://tweetsc.github.io}",
       title = "TweetSC Web",
       author = "Javier Moreno"
}

@misc{ peternorvig,
       howpublished = "\url{http://norvig.com/spell-correct.html}",
       title = "How to Write a Spelling Corrector",
       year = "2007",
       author = "Peter Norvig"
}

@misc{ stanfordnlp,
       howpublished = "\url{https://stanfordnlp.github.io/CoreNLP/}",
       title = "StanfordNLP Core",
       author = "Stanford NLP Group"
}

@misc{ ibmwatsonnlu,
       howpublished = "\url{https://www.ibm.com/watson/services/natural-language-understanding/}",
       title = "IBM Watson NLU",
       author = "IBM"
}

@misc{ googlecloudengine,
       howpublished = "\url{https://cloud.google.com/}",
       title = "Google Cloud Engine",
       author = "Google"
}

@misc{ tweetscweb:spellchecker,
       howpublished = "\url{https://jmorenov.github.io/TweetSC/}",
       title = "TweetSC Spell Checker App",
       author = "Javier Moreno"
}

@misc{ choudhyry:2007,
       author = "Monojit Choudhury and Markose Thomas and Animesh Mukherjee and Anupam Basu and Niloy Ganguly",
       title = "How Difficult is it to Develop a Perfect Spell-checker? A Cross-linguistic Analysis through Complex Network Approach",
       year = "2007",
       journal = "arXiv preprint physics/0703198"
}

@misc{ whitelaw:2009,
       author = "Casey Whitelaw and BenHutchinson and Grace Y. Chung and Gerard Ellis",
       title = "Using the web for language independent spellchecking and autocorrection",
       year = "2009",
       journal = "EMNLP '09 Proceedings of the 2009 Conference on Empirical Methods in Natural Language Processing: Volume 2 - Volume 2",
       pages = "890-899"
}

@misc{ gamallo:2013,
       author = "Pablo Gamallo and Marcos García and José Ramon Pichel",
       title = "A Method to Lexical Normalisation of Tweets",
       year = "2013",
       journal = "In Proceedings of the tweet normalization workshop at the conference of the Spanish Society for Natural Language Processing (SEPLN)."
}

@misc{ ageno:2013,
       author = "Alicia Ageno and Pere R. Comas and Lluís Padró and Jordi Turmo",
       title = "The TALP-UPC approach to Tweet-Norm 2013",
       year = "2013",
       journal = "In Proceedings of the tweet normalization workshop at the conference of the Spanish Society for Natural Language Processing (SEPLN)."
}

@misc{ saralegi:2013,
       author = "Xabier Saralegi Urizar and Iñaki San Vicente Roncal",
       title = "Elhuyar at TweetNorm 2013",
       year = "2013",
       journal = "In Proceedings of the tweet normalization workshop at the conference of the Spanish Society for Natural Language Processing (SEPLN)."
}

@misc{ alegriaetxeberria:2013,
       author = "Iñaki Alegria and Izaskun Etxeberria and Gorka Labaka",
       title = "Una cascada de transductores simples para normalizar tweets",
       year = "2013",
       journal = "In Proceedings of the tweet normalization workshop at the conference of the Spanish Society for Natural Language Processing (SEPLN)."
}

@misc{ huldenfrancom:2013,
       author = "Mans Hulden and Jerid Francom",
       title = "Weighted and unweighted transducers for tweet normalization",
       year = "2013",
       journal = "In Proceedings of the tweet normalization workshop at the conference of the Spanish Society for Natural Language Processing (SEPLN)."
}

@misc{ munozgarcia:2013,
       author = "Óscar Muñoz-García and Silvia Vázquez and Nuria Bel",
       title = "Exploiting web-based collective knowledge for micropost normalisation",
       year = "2013",
       journal = "In Proceedings of the tweet normalization workshop at the conference of the Spanish Society for Natural Language Processing (SEPLN)."
}

@misc{ mosqueralopezmoreda:2013,
       author = "Alejandro Mosquera and Paloma Moreda",
       title = "DLSI en Tweet-norm 2013: Normalizacion de Tweets en Español",
       year = "2013",
       journal = "In Proceedings of the tweet normalization workshop at the conference of the Spanish Society for Natural Language Processing (SEPLN)."
}

@misc{ han:2013,
       author = "Bo han and Paul Cook and Timothy Baldwin",
       title = "unimelb: Spanish Text Normalisation",
       year = "2013",
       journal = "In Proceedings of the tweet normalization workshop at the conference of the Spanish Society for Natural Language Processing (SEPLN)."
}

@misc{ cotelo:2013,
       author = "Juan M. Cotelo Moya and Fermín L Cruz and Jose A. Troyano",
       title = "Resource-based lexical approach to TWEET-NORM task",
       year = "2013",
       journal = "In Proceedings of the tweet normalization workshop at the conference of the Spanish Society for Natural Language Processing (SEPLN)."
}

@misc{ montejo:2013,
       author = "Arturo Montejo Ráez and M. Carlos Diaz Galiano and Eugenio Martíne Cámara and M. Teresa Martín Valdivia and Miguel A. García Cumbreras and L. Alfonso Ureña López",
       title = "SINAI at Twitter-Normalization 2013",
       year = "2013",
       journal = "In Proceedings of the tweet normalization workshop at the conference of the Spanish Society for Natural Language Processing (SEPLN)."
}

@misc{ vilares:2013,
       author = "Jesús Vilares and Miguel A. Alonso and David Vilares",
       title = "Prototipado Rápido de un Sistema de Normalización de Tuits: Una Aproximación Léxica",
       year = "2013",
       journal = "In Proceedings of the tweet normalization workshop at the conference of the Spanish Society for Natural Language Processing (SEPLN)."
}

@misc{ ceronguzman:2016,
       author = "Jhon Adrián Cerón-Guzmán and Elizabeth León-Guzmán",
       title = "Lexical Normalization of Spanish Tweets",
       year = "2016",
       journal = "WWW '16 Companion Proceedings of the 25th International Conference Companion on World Wide Web",
       pages = "605-610"
}

@misc{ krupkahausman:1998,
       author = "George R. Krupka and Kevin Hausman",
       title = "Isoquest: Description of the netowlTM extractor system as used in muc-7.",
       year = "1998",
       journal = "MUC-7."
}

@misc{ finkelmanning:2009,
       author = "Jenny Rose Finkel and Christopher D. Manning.",
       title = "Nested named entity recognition",
       year = "2009",
       journal = "EMNLP",
       pages = "141-150"
}

@misc{ singh:2010,
       author = "Sameer Singh and Dustin Hillard and Chris Leggetter",
       title = "Minimally-supervised extraction of entities from text advertisements",
       year = "2010",
       journal = "HLT-NAACL",
       pages = "73-81"
}

@misc{ jansche:2002,
       author = "Martin Jansche and Steven P. Abney",
       title = "Information extraction from voicemail transcripts",
       year = "2002",
       journal = "EMNLP",
       pages = "320-327"
}

@misc{ minkov:2005,
       author = "Einat Minkov and Richard C. Wang and William W. Cohen",
       title = "Extracting personal names from email: applying named entity recognition to informal text",
       year = "2005",
       journal = "HLT",
       pages = "443-450"
}

@misc{ tjong:2003,
       author = "Erik F. Tjong Kim Sang and Fien De Meulder",
       title = "Introduction to the CoNLL-2003 shared task: language independent named entity recognition",
       year = "2003",
       journal = "HLT-NAACL",
       pages = "142-147"
}

@misc{ zhousu:2002,
       author = "GuoDong Zhou and Jian Su",
       title = "Named entity recognition using an hmm-based chunk tagger.",
       year = "2002",
       journal = "ACL",
       pages = "473-480"
}

@misc{ finkel:2005,
       author = "Jenny Rose Finkel and Trond Grenager and Christopher Manning",
       title = "Incorporating non-local information into information extraction systems by gibbs sampling",
       year = "2005",
       journal = "ACL",
       pages = "363-370"
}

@misc{ jiangzhai:2007,
       author = "Jing Jiang and ChengXiang Zhai",
       title = "Instance weighting for domain adaptation in nlp.",
       year = "2007",
       journal = "ACL",
       pages = "264-271"
}

@misc{ wu:2009,
       author = "Dan Wu and Wee Sun Lee and Nan Ye and Hai Leong Chieu",
       title = "Domain adaptive bootstrapping for named entity recognition",
       year = "2009",
       journal = "EMNLP",
       pages = "1523-1532"
}

@misc{ miller:2004,
       author = "Scott Miller and Jethran Guinness and Alex Zamanian",
       title = "Name tagging with word clusters and discriminative training",
       year = "2004",
       journal = "HLT-NAACL,",
       pages = "337-342"
}

@misc{ guo:2009,
       author = "Honglei Guo and Huijia Zhu and Zhili Guo and Xiaoxun Zhang and Xian Wu and Zhong Su",
       title = "Domain adaptation with latent semantic association for named entity recognition",
       year = "2009",
       journal = "NAACL,",
       pages = "281-289"
}

@misc{ brown:1992,
       author = "Peter F. Brown and Peter V. deSouza and Robert L. Mercer and Vincent J. Della Pietra and Jenifer C. Lai",
       title = "Class based n-gram models of natural language",
       year = "1992",
       journal = "Comput. Linguist, 18",
       pages = "467-479"
}

@misc{ sanchezforcada:2004,
       author = "Enrique Sánchez-Villamil and Mikel L. Forcada and Rafael C. Carrasco",
       title = "Unsupervised Training of a Finite-State Sliding-Window Part-of-Speech Tagger",
       year = "2004",
       journal = "EsTAL 2004: Advances in Natural Language Processing",
       pages = "454-463"
}

@misc{ mikolov:2013,
       author = "Tomas Mikolov and Kai Chen and Greg Corrado and Jeffrey Dean",
       title = "Efficient Estimation of Word Representations in Vector Space",
       year = "2013",
       journal = "CoRR"
}

@misc{ bengio:2003,
       author = "Y. Bengio and R. Ducharme and P. Vincent",
       title = "A neural probabilistic language model",
       year = "2003",
       journal = "Journal of Machine Learning Research, 3",
       pages = "1137-1155"
}

@misc{ mikolov:2011,
       author = "T. Mikolov and A. Deoras and S. Kombrink and L. Burget and J. Cernocký",
       title = "Empirical Evaluation and Combination of Advanced Language Modeling Techniques",
       year = "2011",
       journal = "Proceedings of Interspeech, 2011"
}

@misc{ schwenk:2007,
       author = "H. Schwenk",
       title = "Continuous space language models",
       year = "2007",
       journal = "Computer Speech and Language, vol. 21"
}

@misc{ bojanowski:2017,
       author = "Bojanowski Piotr and Grave Edouard and Joulin Armand and Mikolov Tomas",
       title = "Enriching Word Vectors with Subword Information",
       year = "2017",
       journal = "Transactions of the Association for Computational Linguistics, 5",
       pages = "135-146"
}

@misc{ heafield:2011,
       author = "K. Heafield",
       title = "Faster and smaller language model queries",
       year = "2011",
       journal = "Proceedings of the EMNLP 2011 Sixth Workshop on Statistical Machine Translation",
       pages = "187-197"
}

@misc{ google:word2vec,
       howpublished = "\url{https://github.com/deeplearning4j/deeplearning4j}",
       title = "Word2Vec",
       author = "Google"
}

@misc{ facebook:fasttext,
       howpublished = "\url{https://fasttext.cc/}",
       title = "fastText",
       author = "Facebook"
}

@misc{ mosquera:2011,
       howpublished = "\url{https://github.com/amsqr/Spanish-Metaphone/blob/master/phonetic_algorithms_es.py}",
       title = "Algoritmo del metáfono",
       author = "Alejandro Mosquera"
}

@misc{ opennlp,
       howpublished = "\url{http://opennlp.apache.org}",
       title = "OpenNLP",
       author = "Apache"
}