@misc{ baldwin:2011,
       author = "Bo Han and Timothy Baldwin",
       title = "Lexical Normalisation of Short Text Messages: Makn Sens a twitter",
       year = "2011",
       journal = "Proceedings of the 49th Annual Meeting of the Association for Computational Linguistics: Human Language Technologies, volume 1",
       pages = "368-378"
}

@misc{ eisenstein:2013,
       author = "Jacob Eisenstein",
       title = "What to do about bad language on the internet",
       year = "2013",
       journal = "Proceedings of NAACL-HLT",
       pages = "359-378"
}

@misc{ alegria:2013,
       author = "Iñaki Alegria and Nora Aranberri and Víctor Fresno and Pablo Gamallo and Lluis Padró and Iñaki San Vicente and Jordi Turmo and Arkaitz Zubiaga",
       title = "Introducción a la tarea compartida Tweet-Norm 2013: Normalización léxica de tuits en español",
       year = "2013",
       journal = "Tweet Normalization Workshop at SEPLN 2013: An overview"
}

@misc{ ruizcuadros:2013,
       author = "Pablo Ruiz and Montse Cuadros and Thierry Etchegoyhen",
       title = "Lexical Normalization of Spanish Tweets with Preprocessing Rules, Domain-Specific Edit Distances, and Language Models",
       year = "2013",
       journal = "Proceedings of the Tweet Normalization Workshop at SEPLN 2013. IV Congreso Español de Informática"
}

@misc{ ruizcuadros:2014,
       author = "Pablo Ruiz and Montse Cuadros and Thierry Etchegoyhen",
       title = "Lexical normalization of Spanish tweets with rule-based components and language models",
       year = "2014",
       journal = "Procesamiento del Lenguaje Natural, 52",
       pages = "45-52"
}

@misc{ cotelocruz:2015,
       author = "J.M. Cotelo and F.L. Cruz and J.A. Troyano and F.J. Ortega",
       title = "A modular approach for lexical normalization applied to Spanish tweets",
       year = "2015",
       journal = "Expert Systems with Applications, Volume 42, Issue 10",
       pages = "4743-4754"
}